Date,Description,Credit,Debit,Balance (SAR)
01/02/22,Balance Brought Forward,,,"1,770,454.95"
01/02/22,"تحويل رواتب
لملف رقم 1001300530
Payroll for January السبب
(تاريخ الا ستحقاق 29-06-1443(ه
سعر الصرف 1.00
الرسوم 0 ريال سعودي
من خلا ل بنك الجزيرة
الجزيرة أون لاين - جدة
التاريخ 29-06-1443(ه) وقت 01.53.02
مرجع العملية 12201313720960205827",0.00,"-468,349.00","1,302,105.95"
01/02/22,"رسوم تمرير خدمة رواتبكم الشهرية
رسوم تمرير خدمة رواتبكم الشهرية
لملف رقم 1001300530
تاريخ الاستحقاق 01 02 2022
Payroll for January
فى بنك الجزيرة
الجزيرة أون لاين - جدة
التاريخ 29-06-1443(ه) وقت 01.53.02
1.00130053Eمرجع العملية 9002
",0.00,-250.00,"1,301,855.95"
01/02/22,"رسوم تمرير خدمة رواتبكم الشهرية
رسوم التحويل (سريع) لخدمة رواتبكم
لملف رقم 1001300530
تاريخ الاستحقاق 01 02 2022
Payroll for January
فى بنك الجزيرة
الجزيرة أون لاين - جدة
التاريخ 29-06-1443(ه) وقت 01.53.02
1.00130053Eمرجع العملية 9003
",0.00,-110.00,"1,301,745.95"
01/02/22,"ضريبة القيمة المضافة
Corporate Payroll Processing Fe على
15 من اصل250.00 ريال سعودي%
عبر الجزيرة أون لاين - جدة
التاريخ 29-06-1443(ه) وقت 01.53.03
1.00130053Eمرجع العملية 9002
",0.00,-37.50,"1,301,708.45"
01/02/22,"ضريبة القيمة المضافة
Corporate Payroll SARIE Fees على
15 من اصل110.00 ريال سعودي%
عبر الجزيرة أون لاين - جدة
التاريخ 29-06-1443(ه) وقت 01.53.03
1.00130053Eمرجع العملية 9003
",0.00,-16.50,"1,301,691.95"
01/02/22,"تحويل رواتب
لملف رقم 1001310147
Salesman expenses for Decembe السبب
(تاريخ الا ستحقاق 29-06-1443(ه
سعر الصرف 1.00
الرسوم 0 ريال سعودي
من خلا ل بنك الجزيرة
الجزيرة أون لاين - جدة
التاريخ 29-06-1443(ه) وقت 01.53.15
مرجع العملية 12201313720960206311",0.00,"-16,825.00","1,284,866.95"
01/02/22,"رسوم تمرير خدمة رواتبكم الشهرية
رسوم تمرير خدمة رواتبكم الشهرية
لملف رقم 1001310147
تاريخ الاستحقاق 01 02 2022
Salesman expenses for December
فى بنك الجزيرة
الجزيرة أون لاين - جدة
التاريخ 29-06-1443(ه) وقت 01.53.15
1.001310147Eمرجع العملية 9002
",0.00,-250.00,"1,284,616.95"
01/02/22,"رسوم تمرير خدمة رواتبكم الشهرية
رسوم التحويل (سريع) لخدمة رواتبكم
لملف رقم 1001310147
تاريخ الاستحقاق 01 02 2022
Salesman expenses for December
فى بنك الجزيرة
الجزيرة أون لاين - جدة
التاريخ 29-06-1443(ه) وقت 01.53.15
1.001310147Eمرجع العملية 9003
",0.00,-30.00,"1,284,586.95"
01/02/22,"ضريبة القيمة المضافة
Corporate Payroll Processing Fe على
15 من اصل250.00 ريال سعودي%
عبر الجزيرة أون لاين - جدة
التاريخ 29-06-1443(ه) وقت 01.53.15
1.001310147Eمرجع العملية 9002
",0.00,-37.50,"1,284,549.45"
01/02/22,"ضريبة القيمة المضافة
Corporate Payroll SARIE Fees على
15 من اصل30.00 ريال سعودي%
عبر الجزيرة أون لاين - جدة
التاريخ 29-06-1443(ه) وقت 01.53.15
1.001310147Eمرجع العملية 9003
",0.00,-4.50,"1,284,544.95"
01/02/22,"حوالة خارجية صادرة
ACTUAL WAY MEDICAL SUPPLIE المستفيد
حساب المستفيد
PT50003300000027002898905
عنوان البرتغال
BANCO COMERCIAL PORTUGUES الى
الغرض  شراء سلع شخصية
4.3262 @ EUR مبلغ 54,000.00
العمولة 0 ريال SAR رسوم 57.50
من خلا ل بنك الجزيرة مستخدما",0.00,"-233,664.80","1,050,880.15"
01/02/22,"ضريبة القيمة المضافة
على حوالة خارجية صادرة
عبر القنوات الرقمية للشركات-جدة
التاريخ 29-06-1443(ه) وقت 14.54.40
ECOF20201Hمرجع العملية 262075
",0.00,-7.50,"1,050,872.65"
01/02/22,"حوالة خارجية صادرة
FACTOFRANCE  DEPARTEMENT C المستفيد
حساب المستفيد
FR7613580000020207662001054
عنوان فرنسا
FACTOFRANCE الى
الغرض  شراء سلع شخصية
4.3262 @ EUR مبلغ 49,000.00
العمولة 0 ريال SAR رسوم 57.50
من خلا ل بنك الجزيرة مستخدما",0.00,"-212,033.80","838,838.85"
01/02/22,"ضريبة القيمة المضافة
على حوالة خارجية صادرة
عبر القنوات الرقمية للشركات-جدة
التاريخ 29-06-1443(ه) وقت 15.05.32
ECOF20201Hمرجع العملية 262091
",0.00,-7.50,"838,831.35"
01/02/22,"تحويل داخلي
المستفيد رامي غسان  عون
الى حساب 0016107888001
مستخدما القنوات الرقمية للشركات-جدة
سعر الصرف 1.0
IQهوية المستفيد 2327171852
Purpose 33Operational Expens  الغرض
مرجع العملية 8496220201150653
التاريخ 29-06-1443(ه) وقت 15.06.53
",0.00,"-4,500.00","834,331.35"
01/02/22,"Cr Margin Refunded
EXP001
فى بنك الجزيرة
الخدمات التجارية البنكية
التاريخ 29-06-1443(ه) وقت 15.07.47
LGI-مرجع العملية 7775-20-0857
","60,000.00",0.00,"894,331.35"
01/02/22,"Cr Margin Refunded
EXP001
فى بنك الجزيرة
الخدمات التجارية البنكية
التاريخ 29-06-1443(ه) وقت 15.09.39
LGI-مرجع العملية 8088-21-0857
","10,900.00",0.00,"905,231.35"
02/02/22,"حوالة خارجية صادرة
FACTOFRANCE  DEPARTEMENT C المستفيد
حساب المستفيد
FR7613580000020207662001054
عنوان فرنسا
FACTOFRANCE الى
الغرض  شراء سلع شخصية
4.3381 @ EUR مبلغ 49,427.90
العمولة 0 ريال SAR رسوم 57.50
من خلا ل بنك الجزيرة مستخدما",0.00,"-214,473.17","690,758.18"
02/02/22,"ضريبة القيمة المضافة
على حوالة خارجية صادرة
عبر القنوات الرقمية للشركات-جدة
التاريخ 01-07-1443(ه) وقت 11.41.25
ECOF20202Hمرجع العملية 262619
",0.00,-7.50,"690,750.68"
02/02/22,"رسوم حوالة فورية صادرة
SYSTEM FREQUENCIES E المستفيد
الى البنك العربي الوطني
Operational Expenses  بغرض
FEE 0.58000 SAR رسوم
Transfers Management System في
مستخدما  بنك الجزيرة
القنوات الرقمية للشركات-جدة
التاريخ 01-07-1443(ه) وقت 11.44.05
2BTMSمرجع العملية 11144073716",0.00,-0.50,"690,750.18"
02/02/22,"حوالة فورية صادرة
SYSTEM FREQUENCIES E المستفيد
الى البنك العربي الوطني
Operational Expenses  بغرض
مبلغ التحويل 17,825.00 ريال سعودي
سعر الصرف 1.0
FEE 0.58000 SAR رسوم
Transfers Management System في
مستخدما القنوات الرقمية للشركات-جدة
التاريخ 01-07-1443(ه) وقت 11.44.05",0.00,"-17,825.00","672,925.18"
02/02/22,"ضريبة القيمة المضافة
على أرباح رسوم وعمولا ت الحوالا ات
15 من اصل0.50 ريال سعودي%
عبر القنوات الرقمية للشركات-جدة
التاريخ 01-07-1443(ه) وقت 11.44.05
2BTMSمرجع العملية 11144073716
",0.00,-0.08,"672,925.10"
02/02/22,"رسوم حوالة فورية صادرة
AZAM NASIB MULAEB المستفيد
الى البنك الأهلي التجارى
Operational Expenses  بغرض
FEE 0.58000 SAR رسوم
Transfers Management System في
مستخدما  بنك الجزيرة
القنوات الرقمية للشركات-جدة
التاريخ 01-07-1443(ه) وقت 11.44.05
2BTMSمرجع العملية 11144073717",0.00,-0.50,"672,924.60"
02/02/22,"حوالة فورية صادرة
AZAM NASIB MULAEB المستفيد
الى البنك الأهلي التجارى
Operational Expenses  بغرض
مبلغ التحويل 1,460.00 ريال سعودي
سعر الصرف 1.0
FEE 0.58000 SAR رسوم
Transfers Management System في
مستخدما القنوات الرقمية للشركات-جدة
التاريخ 01-07-1443(ه) وقت 11.44.05",0.00,"-1,460.00","671,464.60"
02/02/22,"ضريبة القيمة المضافة
على أرباح رسوم وعمولا ت الحوالا ات
15 من اصل0.50 ريال سعودي%
عبر القنوات الرقمية للشركات-جدة
التاريخ 01-07-1443(ه) وقت 11.44.05
2BTMSمرجع العملية 11144073717
",0.00,-0.08,"671,464.52"
02/02/22,"حوالة محلية صادرة
FAROUK MAAMOUN TAMER AND C المستفيد
حساب المستفيد
SA5655000000003337806860
RI عنوان
الى البنك السعودي الفرنسي
الغرض  شراء سلع شخصية
1.0 @ SAR مبلغ 98,480.00
العمولة 0 ريال SAR رسوم 8.05
من خلا ل بنك الجزيرة مستخدما",0.00,"-98,487.00","572,977.52"
02/02/22,"ضريبة القيمة المضافة
على حوالة محلية صادرة
عبر القنوات الرقمية للشركات-جدة
التاريخ 01-07-1443(ه) وقت 11.51.44
ECOF20202Hمرجع العملية 262639
",0.00,-1.05,"572,976.47"
02/02/22,"حوالة فورية واردة
MAMDOUH ABDULHASIB O المحول
من بنك الراجحي
بغرض
مبلغ التحويل 1,705.00 ريال سعودي
سعر الصرف 1.0
Transfers Management System في
مستخدما الجزيرة أون لاين - جدة
التاريخ 01-07-1443(ه) وقت 18.32.37
2BOPFمرجع العملية 11832855859","1,705.00",0.00,"574,681.47"
03/02/22,"Cr Margin Refunded
EXP001
فى بنك الجزيرة
قسم مصرفية الشركات-جدة
التاريخ 02-07-1443(ه) وقت 08.19.40
LGI-مرجع العملية 8686-21-0917
(تاريخ الا ستحقاق 29-06-1443(ه
Value date 01-FEB-22","20,000.00",0.00,"594,681.47"
03/02/22,"Cr Margin Refunded
EXP001
فى بنك الجزيرة
قسم مصرفية الشركات-جدة
التاريخ 02-07-1443(ه) وقت 08.20.08
LGI-مرجع العملية 8687-21-0917
(تاريخ الا ستحقاق 29-06-1443(ه
Value date 01-FEB-22","6,000.00",0.00,"600,681.47"
03/02/22,"Cr Margin Refunded
EXP001
فى بنك الجزيرة
قسم مصرفية الشركات-جدة
التاريخ 02-07-1443(ه) وقت 08.20.44
LGI-مرجع العملية 8772-21-0917
(تاريخ الا ستحقاق 29-06-1443(ه
Value date 01-FEB-22","12,500.00",0.00,"613,181.47"
03/02/22,"Cr Margin Refunded
EXP001
فى بنك الجزيرة
قسم مصرفية الشركات-جدة
التاريخ 02-07-1443(ه) وقت 08.22.29
LGI-مرجع العملية 8870-21-0917
(تاريخ الا ستحقاق 29-06-1443(ه
Value date 01-FEB-22","4,300.00",0.00,"617,481.47"
03/02/22,"Cr Margin Refunded
EXP001
فى بنك الجزيرة
قسم مصرفية الشركات-جدة
التاريخ 02-07-1443(ه) وقت 08.22.53
LGI-مرجع العملية 8930-21-0917
(تاريخ الا ستحقاق 29-06-1443(ه
Value date 01-FEB-22","2,500.00",0.00,"619,981.47"
03/02/22,"Cr Margin Refunded
EXP001
فى بنك الجزيرة
قسم مصرفية الشركات-جدة
التاريخ 02-07-1443(ه) وقت 08.23.57
LGI-مرجع العملية 8997-21-0917
(تاريخ الا ستحقاق 29-06-1443(ه
Value date 01-FEB-22","5,500.00",0.00,"625,481.47"
06/02/22,"حوالة محلية واردة
JOHNS HOPKINS ARAMCO HEALTHC المرسل
من البنك السعودي البريطاني
الغرض  0001500073789
سعر الصرف 1.0
مبلغ التحويل 22,339.80 ريال سعودي
من خلا ل بنك الجزيرة
قسم العمليات المركزية -جدة
التاريخ 05-07-1443(ه) وقت 09.30.43
SABBRFD22037000N مرجع العملية","22,339.80",0.00,"647,821.27"
07/02/22,"حوالة محلية واردة
المرسل شركة الجراحة المتقدمة للمستل
من البنك الاهلي التجاري
الغرض  شراء بضاعة
سعر الصرف 1.0
مبلغ التحويل 600,000.00 ريال سعودي
من خلا ل بنك الجزيرة
قسم العمليات المركزية -جدة
التاريخ 06-07-1443(ه) وقت 09.11.14
NCBK9962203500SG مرجع العملية","600,000.00",0.00,"1,247,821.27"
07/02/22,"حوالة محلية واردة
المرسل شركة الجراحة المتقدمة للمستل
من البنك الاهلي التجاري
الغرض  شراء بضاعة
سعر الصرف 1.0
مبلغ التحويل 900,000.00 ريال سعودي
من خلا ل بنك الجزيرة
قسم العمليات المركزية -جدة
التاريخ 06-07-1443(ه) وقت 09.11.28
NCBK9962203500Sمرجع العملية 6","900,000.00",0.00,"2,147,821.27"
07/02/22,"حوالة محلية واردة
المرسل شركة الجراحة المتقدمة للمستل
من البنك الاهلي التجاري
الغرض  شراء بضاعة
سعر الصرف 1.0
مبلغ التحويل 900,000.00 ريال سعودي
من خلا ل بنك الجزيرة
قسم العمليات المركزية -جدة
التاريخ 06-07-1443(ه) وقت 09.11.46
NCBK9962203500Sمرجع العملية 6","900,000.00",0.00,"3,047,821.27"
07/02/22,"حوالة محلية واردة
المرسل شركة الجراحة المتقدمة للمستل
من البنك الاهلي التجاري
الغرض  شراء بضاعة
سعر الصرف 1.0
مبلغ التحويل 900,000.00 ريال سعودي
من خلا ل بنك الجزيرة
قسم العمليات المركزية -جدة
التاريخ 06-07-1443(ه) وقت 09.12.05
NCBK9962203500SG مرجع العملية","900,000.00",0.00,"3,947,821.27"
07/02/22,"ايداع نقدي-المصرف
المودع تركي عواد العنزي
فى بنك الجزيرة
فرع العليا - الرياض
التاريخ 06-07-1443(ه) وقت 11.07.18
TOLAمرجع العملية 220207012
سعر الصرف 1.00
رقم هوية المودع 1128807334
..  الغرض
","1,836.00",0.00,"3,949,657.27"
10/02/22,"مدفوعات نظام سداد
اسم المفوتر
الشركة السعودية للكهرباء
الفاتورة/الا شتراك
30022108148
مرجع سداد
من خلا ل بنك الجزيرة
الجزيرة أون لاين - جدة
التاريخ 09-07-1443(ه) وقت 19.36.31
مرجع العملية 0987220210093192",0.00,-125.35,"3,949,531.92"
10/02/22,"مدفوعات نظام سداد
اسم المفوتر
الشركة السعودية للكهرباء
الفاتورة/الا شتراك
30022108228
مرجع سداد
من خلا ل بنك الجزيرة
الجزيرة أون لاين - جدة
التاريخ 09-07-1443(ه) وقت 19.36.33
مرجع العملية 0987220210093193",0.00,-243.57,"3,949,288.35"
10/02/22,"مدفوعات نظام سداد
اسم المفوتر
الا تصالا ت السعودية
الفاتورة/الا شتراك
37001218316
مرجع سداد
من خلا ل بنك الجزيرة
الجزيرة أون لاين - جدة
التاريخ 09-07-1443(ه) وقت 19.36.36
مرجع العملية 0987220210093195",0.00,-402.50,"3,948,885.85"
10/02/22,"مدفوعات نظام سداد
اسم المفوتر
الا تصالا ت السعودية
الفاتورة/الا شتراك
37001280177
مرجع سداد
من خلا ل بنك الجزيرة
الجزيرة أون لاين - جدة
التاريخ 09-07-1443(ه) وقت 19.36.39
مرجع العملية 0987220210093197",0.00,-237.23,"3,948,648.62"
10/02/22,"مدفوعات نظام سداد
اسم المفوتر
الا تصالا ت السعودية
الفاتورة/الا شتراك
02011442237
مرجع سداد
من خلا ل بنك الجزيرة
الجزيرة أون لاين - جدة
التاريخ 09-07-1443(ه) وقت 19.36.43
مرجع العملية 0987220210093199",0.00,-792.35,"3,947,856.27"
10/02/22,"مدفوعات نظام سداد
اسم المفوتر
الا تصالا ت السعودية
الفاتورة/الا شتراك
37000588147
مرجع سداد
من خلا ل بنك الجزيرة
الجزيرة أون لاين - جدة
التاريخ 09-07-1443(ه) وقت 19.36.45
مرجع العملية 0987220210093200",0.00,-348.11,"3,947,508.16"
10/02/22,"مدفوعات نظام سداد
اسم المفوتر
الا تصالا ت السعودية
الفاتورة/الا شتراك
35002460937
مرجع سداد
من خلا ل بنك الجزيرة
الجزيرة أون لاين - جدة
التاريخ 09-07-1443(ه) وقت 19.36.48
مرجع العملية 0987220210093201",0.00,-457.70,"3,947,050.46"
10/02/22,"مدفوعات نظام سداد
اسم المفوتر
الا تصالا ت السعودية
الفاتورة/الا شتراك
02031079627
مرجع سداد
من خلا ل بنك الجزيرة
الجزيرة أون لاين - جدة
التاريخ 09-07-1443(ه) وقت 19.36.51
مرجع العملية 0987220210093202",0.00,-573.85,"3,946,476.61"
10/02/22,"مدفوعات نظام سداد
اسم المفوتر
الا تصالا ت السعودية
الفاتورة/الا شتراك
37001280458
مرجع سداد
من خلا ل بنك الجزيرة
الجزيرة أون لاين - جدة
التاريخ 09-07-1443(ه) وقت 19.36.54
مرجع العملية 0987220210093203",0.00,-237.23,"3,946,239.38"
10/02/22,"مدفوعات نظام سداد
اسم المفوتر
الا تصالا ت السعودية
الفاتورة/الا شتراك
02027021274
مرجع سداد
من خلا ل بنك الجزيرة
الجزيرة أون لاين - جدة
التاريخ 09-07-1443(ه) وقت 19.36.57
مرجع العملية 0987220210093204",0.00,"-2,656.50","3,943,582.88"
10/02/22,"مدفوعات نظام سداد
اسم المفوتر
الا تصالا ت السعودية
الفاتورة/الا شتراك
02023963224
مرجع سداد
من خلا ل بنك الجزيرة
الجزيرة أون لاين - جدة
التاريخ 09-07-1443(ه) وقت 19.37.20
مرجع العملية 0987220210093210",0.00,-458.85,"3,943,124.03"
10/02/22,"مدفوعات نظام سداد
اسم المفوتر
مصلحة الزكاة والدخل
الفاتورة/الا شتراك
3005379057221001
مرجع سداد
من خلا ل بنك الجزيرة
الجزيرة أون لاين - جدة
التاريخ 09-07-1443(ه) وقت 19.38.09
مرجع العملية 0987220210093216",0.00,"-7,500.00","3,935,624.03"
10/02/22,"رسوم حوالة فورية صادرة
GHULAM  FAREED MUHAM المستفيد
الى بنك الراجحي
Operational Expenses  بغرض
FEE 0.58000 SAR رسوم
Transfers Management System في
مستخدما  بنك الجزيرة
القنوات الرقمية للشركات-جدة
التاريخ 09-07-1443(ه) وقت 19.40.33
2BTMSمرجع العملية 11940252714",0.00,-0.50,"3,935,623.53"
10/02/22,"حوالة فورية صادرة
GHULAM  FAREED MUHAM المستفيد
الى بنك الراجحي
Operational Expenses  بغرض
مبلغ التحويل 1,380.00 ريال سعودي
سعر الصرف 1.0
FEE 0.58000 SAR رسوم
Transfers Management System في
مستخدما القنوات الرقمية للشركات-جدة
التاريخ 09-07-1443(ه) وقت 19.40.33",0.00,"-1,380.00","3,934,243.53"
10/02/22,"ضريبة القيمة المضافة
على أرباح رسوم وعمولا ت الحوالا ات
15 من اصل0.50 ريال سعودي%
عبر القنوات الرقمية للشركات-جدة
التاريخ 09-07-1443(ه) وقت 19.40.33
2BTMSمرجع العملية 11940252714
",0.00,-0.08,"3,934,243.45"
10/02/22,"رسوم حوالة فورية صادرة
KAMEL NABEH KAMEL YA المستفيد
الى البنك السعودي البريطاني
Operational Expenses  بغرض
FEE 0.58000 SAR رسوم
Transfers Management System في
مستخدما  بنك الجزيرة
القنوات الرقمية للشركات-جدة
التاريخ 09-07-1443(ه) وقت 19.40.34
2BTMSمرجع العملية 11940252717",0.00,-0.50,"3,934,242.95"
10/02/22,"حوالة فورية صادرة
KAMEL NABEH KAMEL YA المستفيد
الى البنك السعودي البريطاني
Operational Expenses  بغرض
مبلغ التحويل 2,150.00 ريال سعودي
سعر الصرف 1.0
FEE 0.58000 SAR رسوم
Transfers Management System في
مستخدما القنوات الرقمية للشركات-جدة
التاريخ 09-07-1443(ه) وقت 19.40.34",0.00,"-2,150.00","3,932,092.95"
10/02/22,"ضريبة القيمة المضافة
على أرباح رسوم وعمولا ت الحوالا ات
15 من اصل0.50 ريال سعودي%
عبر القنوات الرقمية للشركات-جدة
التاريخ 09-07-1443(ه) وقت 19.40.34
2BTMSمرجع العملية 11940252717
",0.00,-0.08,"3,932,092.87"
10/02/22,"رسوم حوالة فورية صادرة
DIWAN AL RAWNAQ  CO المستفيد
الى البنك العربي الوطني
Operational Expenses  بغرض
FEE 0.58000 SAR رسوم
Transfers Management System في
مستخدما  بنك الجزيرة
القنوات الرقمية للشركات-جدة
التاريخ 09-07-1443(ه) وقت 19.40.36
2BTMSمرجع العملية 11940252718",0.00,-0.50,"3,932,092.37"
10/02/22,"حوالة فورية صادرة
DIWAN AL RAWNAQ  CO المستفيد
الى البنك العربي الوطني
Operational Expenses  بغرض
مبلغ التحويل 2,587.50 ريال سعودي
سعر الصرف 1.0
FEE 0.58000 SAR رسوم
Transfers Management System في
مستخدما القنوات الرقمية للشركات-جدة
التاريخ 09-07-1443(ه) وقت 19.40.36",0.00,"-2,587.50","3,929,504.87"
10/02/22,"ضريبة القيمة المضافة
على أرباح رسوم وعمولا ت الحوالا ات
15 من اصل0.50 ريال سعودي%
عبر القنوات الرقمية للشركات-جدة
التاريخ 09-07-1443(ه) وقت 19.40.37
2BTMSمرجع العملية 11940252718
",0.00,-0.08,"3,929,504.79"
10/02/22,"مدفوعات نظام سداد
اسم المفوتر
العامة للتأمينات الا جتماعية
الفاتورة/الا شتراك
503788160
مرجع سداد
من خلا ل بنك الجزيرة
الجزيرة أون لاين - جدة
التاريخ 09-07-1443(ه) وقت 19.40.58
مرجع العملية 0987220210093251",0.00,"-14,558.10","3,914,946.69"
10/02/22,"تحويل داخلي
المستفيد تكلا فاروق جرجس ميلاد
الى حساب 003880638246001
مستخدما القنوات الرقمية للشركات-جدة
سعر الصرف 1.0
IQهوية المستفيد 2485600338
Purpose 33Operational Expens  الغرض
مرجع العملية 852220210194142
التاريخ 09-07-1443(ه) وقت 19.41.42
",0.00,"-2,400.00","3,912,546.69"
10/02/22,"تحويل داخلي
المستفيد بولا مينا حنا ميخائيل
الى حساب 002780132549001
مستخدما القنوات الرقمية للشركات-جدة
سعر الصرف 1.0
IQهوية المستفيد 2454792900
Purpose 33Operational Expens  الغرض
مرجع العملية 853220210194143
التاريخ 09-07-1443(ه) وقت 19.41.43
",0.00,"-4,000.00","3,908,546.69"
10/02/22,"حوالة محلية صادرة
RIYADH SAMIH HAMADAH المستفيد
حساب المستفيد
SA6110000022356130000102
JE عنوان
الى البنك الاهلي التجاري
الغرض  تحويل رواتب
1.0 @ SAR مبلغ 1,609,875.00
العمولة 0 ريال SAR رسوم 5.75
من خلا ل بنك الجزيرة مستخدما",0.00,"-1,609,880.00","2,298,666.69"
10/02/22,"ضريبة القيمة المضافة
على حوالة محلية صادرة
عبر القنوات الرقمية للشركات-جدة
التاريخ 09-07-1443(ه) وقت 19.44.33
ECOF20210Hمرجع العملية 268802
",0.00,-0.75,"2,298,665.94"
10/02/22,"تحويل داخلي
المستفيد جويل جي ار كوربوز  كابانبا
الى حساب 001680018370001
مستخدما القنوات الرقمية للشركات-جدة
سعر الصرف 1.0
IQهوية المستفيد 2434532244
Purpose 31Payroll  الغرض
مرجع العملية 1003220210194626
التاريخ 09-07-1443(ه) وقت 19.46.26
",0.00,"-116,000.00","2,182,665.94"
10/02/22,"حوالة محلية صادرة
IBRAHIM AHMED ZAAROUR المستفيد
حساب المستفيد
SA9310000011869665000102
JE عنوان
الى البنك الاهلي التجاري
الغرض  تحويل رواتب
1.0 @ SAR مبلغ 140,000.00
العمولة 0 ريال SAR رسوم 5.75
من خلا ل بنك الجزيرة مستخدما",0.00,"-140,005.00","2,042,660.94"
10/02/22,"ضريبة القيمة المضافة
على حوالة محلية صادرة
عبر القنوات الرقمية للشركات-جدة
التاريخ 09-07-1443(ه) وقت 19.47.51
ECOF20210Hمرجع العملية 268803
",0.00,-0.75,"2,042,660.19"
10/02/22,"تحويل داخلي
المستفيد بولا مينا حنا ميخائيل
الى حساب 002780132549001
مستخدما القنوات الرقمية للشركات-جدة
سعر الصرف 1.0
IQهوية المستفيد 2454792900
Purpose 31Payroll  الغرض
مرجع العملية 1073220210194905
التاريخ 09-07-1443(ه) وقت 19.49.05
",0.00,"-130,000.00","1,912,660.19"
10/02/22,"تحويل داخلي
المستفيد روفيرتوجر كارلوس اسفيرامي
الى حساب 001680126450001
مستخدما القنوات الرقمية للشركات-جدة
سعر الصرف 1.0
IQهوية المستفيد 2159562277
Purpose 31Payroll  الغرض
مرجع العملية 1114220210195012
التاريخ 09-07-1443(ه) وقت 19.50.12
",0.00,"-58,000.00","1,854,660.19"
10/02/22,"تحويل داخلي
المستفيد تكلا فاروق جرجس ميلاد
الى حساب 003880638246001
مستخدما القنوات الرقمية للشركات-جدة
سعر الصرف 1.0
IQهوية المستفيد 2485600338
Purpose 31Payroll  الغرض
مرجع العملية 1156220210195108
التاريخ 09-07-1443(ه) وقت 19.51.08
",0.00,"-65,000.00","1,789,660.19"
10/02/22,"تحويل داخلي
المستفيد جوفي تريل
الى حساب 001680327532001
مستخدما القنوات الرقمية للشركات-جدة
سعر الصرف 1.0
IQهوية المستفيد 2201176035
Purpose 31Payroll  الغرض
مرجع العملية 1176220210195223
التاريخ 09-07-1443(ه) وقت 19.52.23
",0.00,"-75,000.00","1,714,660.19"
10/02/22,"رسوم حوالة فورية صادرة
RAZIN SALEH المستفيد
الى بنك الراجحي
Payroll  بغرض
FEE 0.58000 SAR رسوم
Transfers Management System في
مستخدما  بنك الجزيرة
القنوات الرقمية للشركات-جدة
التاريخ 09-07-1443(ه) وقت 19.53.36
2BTMSمرجع العملية 11953253013",0.00,-0.50,"1,714,659.69"
10/02/22,"حوالة فورية صادرة
RAZIN SALEH المستفيد
الى بنك الراجحي
Payroll  بغرض
مبلغ التحويل 20,000.00 ريال سعودي
سعر الصرف 1.0
FEE 0.58000 SAR رسوم
Transfers Management System في
مستخدما القنوات الرقمية للشركات-جدة
التاريخ 09-07-1443(ه) وقت 19.53.36",0.00,"-20,000.00","1,694,659.69"
10/02/22,"ضريبة القيمة المضافة
على أرباح رسوم وعمولا ت الحوالا ات
15 من اصل0.50 ريال سعودي%
عبر القنوات الرقمية للشركات-جدة
التاريخ 09-07-1443(ه) وقت 19.53.36
2BTMSمرجع العملية 11953253013
",0.00,-0.08,"1,694,659.61"
13/02/22,"حوالة محلية واردة
JOHNS HOPKINS ARAMCO HEALTHC المرسل
من البنك السعودي البريطاني
الغرض  0001500073912
سعر الصرف 1.0
مبلغ التحويل 135,458.00 ريال سعودي
من خلا ل بنك الجزيرة
قسم العمليات المركزية -جدة
التاريخ 12-07-1443(ه) وقت 09.19.10
SABBRFD22044000N مرجع العملية","135,458.00",0.00,"1,830,117.61"
13/02/22,"ايداع نقدي-المصرف
المودع تركي عواد العنزي
فى بنك الجزيرة
فرع العليا - الرياض
التاريخ 12-07-1443(ه) وقت 10.48.58
TOLAمرجع العملية 220213007
سعر الصرف 1.00
رقم هوية المودع 1128807334
.  الغرض
","2,560.00",0.00,"1,832,677.61"
13/02/22,"ايداع شيك
رقم 00000125
اسم مصدر الشيك ش .خ .الطبية
مسحوب على بنك الجزيرة
المودع تركي عواد العنزي
فى بنك الجزيرة
فرع العليا - الرياض
التاريخ 12-07-1443(ه) وقت 10.51.57
مرجع العملية 12202138166440000002
سعر الصرف 1.00","6,937.92",0.00,"1,839,615.53"
13/02/22,"ايداع شيك
رقم 00000633
اسم مصدر الشيك ش .خ .الطبية
مسحوب على بنك الجزيرة
المودع تركي عواد العنزي
فى بنك الجزيرة
فرع العليا - الرياض
التاريخ 12-07-1443(ه) وقت 10.53.34
مرجع العملية 12202138166440000003
سعر الصرف 1.00","224,265.00",0.00,"2,063,880.53"
13/02/22,"ايداع شيك
رقم 00000230
اسم مصدر الشيك ش .خ .الطبية
مسحوب على بنك الجزيرة
المودع تركي عواد العنزي
فى بنك الجزيرة
فرع العليا - الرياض
التاريخ 12-07-1443(ه) وقت 10.56.58
مرجع العملية 12202138166440000005
سعر الصرف 1.00","115,900.00",0.00,"2,179,780.53"
